%Agryzkov, T., Oliver, J. L., Tortosa, L., {\&} Vicent, J. F. (2012). An algorithm for ranking the nodes of an urban network based on the concept of PageRank vector. Applied Mathematics and Computation, 219(4), 2186{\textendash}2193. 10.1016/j.amc.2012.08.0640096-3003
@article{Agryzkov:2012,
  DOI = {10.1016/j.amc.2012.08.064},
  ISSN = {0096-3003},
  author = {Agryzkov, T. and Oliver, J. L. and Tortosa, L. and Vicent, J. F.},
  journal = {Applied Mathematics and Computation},
  number = {4},
  pages = {2186--2193},
  title = {{A}n algorithm for ranking the nodes of an urban network based on the concept of {P}age{R}ank vector.},
  volume = {219},
  year = {2012},
}


%Mheich, A., Wendling, F., {\&} Hassan, M. Brain network similarity: methods and applications. Network Neuroscience 2020; 4 (3): 507{\textendash}527. doi: Albert, Adrian, Emanuele Strano, Jasleen Kaur and Manuel S. Gonzalez. {\textquotedblleft}Modeling Urbanization Patterns with Generative Adversarial Networks.{\textquotedblright} IGARSS 2018 IEEE International Geoscience and Remote Sensing Symposium (2018): 2095-2098.
@misc{Mheich:2018,
  author = {Mheich, A. and Wendling, F. and Hassan, M.},
  title = {{B}rain network similarity: methods and applications.},
  year = {2018},
}


%Robles-Kelly, A., Hancock, E. R., {\&} the Antonio Robles-Kelly and Edwin R. Hancock. (2007). A riemannian approach to graph embedding. Pattern Recognition, 40(3), 1042{\textendash}1056. 10.1016/j.patcog.2006.05.0310031-3203
@article{Robles-Kelly:2007,
  DOI = {10.1016/j.patcog.2006.05.031},
  ISSN = {0031-3203},
  author = {Robles-Kelly, A. and Hancock, E. R. and {A}ntonio {R}obles-{K}elly and {E}dwin {R}. {H}ancock},
  journal = {Pattern Recognition},
  number = {3},
  pages = {1042--1056},
  title = {{A} riemannian approach to graph embedding.},
  volume = {40},
  year = {2007},
}


%Tsitsulin, A., Mottin, D., Karras, P., Bronstein, A., {\&} M{\"{u}}ller, E. 2018. NetLSD: Hearing the Shape of a Graph. In Proceedings of the 24th ACM SIGKDD International Conference on Knowledge Discovery {\&} Data Mining (KDD '18). Association for Computing Machinery, New York, NY, USA, 2347{\textendash}2356. DOI:https://doi.org/10.1145/3219819.3219991
@inproceedings{Tsitsulin:2018,
  DOI = {10.1145/3219819.3219991},
  address = {New York, NY, USA},
  author = {Tsitsulin, A. and Mottin, D. and Karras, P. and Bronstein, A. and M{\"{u}}ller, E.},
  booktitle = {{P}roceedings of the 24th {ACM} {SIGKDD} {I}nternational {C}onference on {K}nowledge {D}iscovery {\&} {D}ata {M}ining ({KDD} '18)},
  pages = {2347--2356},
  publisher = {Association for Computing Machinery},
  title = {{N}et{LSD}: {H}earing the {S}hape of a {G}raph.},
  year = {2018},
}


%Hagberg, A. A., Schult, D. A., {\&} Swart, P. J. {\textquotedblleft}Exploring network structure, dynamics, and function using NetworkX{\textquotedblright}, in Proceedings of the 7th Python in Science Conference (SciPy2008), G{\"{a}}el Varoquaux, Travis Vaught, and Jarrod Millman (Eds), (Pasadena, CA USA), pp. 11{\textendash}15, Aug 2008
@inproceedings{Hagberg:2008,
  author = {Hagberg, A. A. and Schult, D. A. and Swart, P. J.},
  booktitle = {{P}roceedings of the 7th {P}ython in {S}cience {C}onference ({S}ci{P}y2008)},
  editor = {Varoquaux, G{\"{a}}el and Vaught, Travis and Millman, Jarrod},
  eventaddress = {Pasadena, CA USA},
  pages = {11--15},
  title = {{E}xploring network structure, dynamics, and function using {N}etwork{X}},
  year = {2008},
}


%Tsitsulin, A., Mottin, D., Karras, P., Bronstein, A., {\&} M{\"{u}}ller, E. Proceedings of the 24th ACM SIGKDD International Conference on Knowledge Discovery {\&} Data Mining, 2347 (2018).
@proceedings{Tsitsulin:2018:1,
  author = {Tsitsulin, A. and Mottin, D. and Karras, P. and Bronstein, A. and M{\"{u}}ller, E.},
  title = {{P}roceedings of the 24th {ACM} {SIGKDD} {I}nternational {C}onference on {K}nowledge {D}iscovery {\&} {D}ata {M}ining},
  year = {2018},
}


%Bagrow, J., {\&} Bollt, E. (2019). An information-theoretic, all-scales approach to comparing networks. Applied Network Science, 45, 1{\textendash}15. 10.1007/s41109-019-0156-x2364-8228
@article{Bagrow:2019,
  DOI = {10.1007/s41109-019-0156-x},
  ISSN = {2364-8228},
  author = {Bagrow, J. and Bollt, E.},
  journal = {Applied Network Science},
  pages = {1--15},
  title = {{A}n information-theoretic, all-scales approach to comparing networks.},
  volume = {45},
  year = {2019},
}


%Xiao, B., {\&} Edwin, R. (2009). Hancock, and Richard C. Wilson. Graph characteristics from the heat kernel trace. Pattern Recognition, 42(11), 2589{\textendash}2606. 10.1016/j.patcog.2008.12.0290031-3203
@article{Xiao:2009,
  DOI = {10.1016/j.patcog.2008.12.029},
  ISSN = {0031-3203},
  author = {Xiao, B. and Edwin, R.},
  journal = {Pattern Recognition},
  number = {11},
  pages = {2589--2606},
  title = {{H}ancock, and {R}ichard {C}. {W}ilson. {G}raph characteristics from the heat kernel trace.},
  volume = {42},
  year = {2009},
}

%Barbara Strug. Using kernels on hierarchical graphs in automatic classification of designs. In Graph-Based Representations in Pattern Recognition, volume 6658 of LNCS, pages 335{\lbrace}344. Springer, 2011.
@misc{BarbaraStrug:2011,
  author = {{B}arbara {S}trug},
  title = {{U}sing kernels on hierarchical graphs in automatic classification of designs.},
  year = {2011},
}


%Barrington-Leigh, C., {\&} Millard-Ball, A. (2017). The world's user-generated road map is more than 80{\%} complete. PLoS One, 12, e0180698. 10.1371/journal.pone.0180698287970371932-6203
@article{Barrington-Leigh:2017,
  DOI = {10.1371/journal.pone.0180698},
  ISSN = {1932-6203},
  author = {Barrington-Leigh, C. and Millard-Ball, A.},
  journal = {PLoS One},
  pages = {e0180698},
  pubmed = {28797037},
  title = {{T}he world's user-generated road map is more than 80{\%} complete.},
  volume = {12},
  year = {2017},
}


%Barron, C., Neis, P., {\&} Zipf, A. (2014). A comprehensive framework for intrinsic OpenStreetMap quality analysis. Transactions in GIS, 18, 877{\textendash}895. 10.1111/tgis.120731361-1682
@article{Barron:2014,
  DOI = {10.1111/tgis.12073},
  ISSN = {1361-1682},
  author = {Barron, C. and Neis, P. and Zipf, A.},
  journal = {Transactions in GIS},
  pages = {877--895},
  title = {{A} comprehensive framework for intrinsic {O}pen{S}treet{M}ap quality analysis.},
  volume = {18},
  year = {2014},
}


%Barth{\'{e}}lemy, M. (2004). Betweenness centrality in large complex networks. The European Physical Journal B, 38(2), 163{\textendash}168. 10.1140/epjb/e2004-00111-41434-6028
@article{Barthelemy:2004,
  DOI = {10.1140/epjb/e2004-00111-4},
  ISSN = {1434-6028},
  author = {Barth{\'{e}}lemy, M.},
  journal = {The European Physical Journal B},
  number = {2},
  pages = {163--168},
  title = {{B}etweenness centrality in large complex networks.},
  volume = {38},
  year = {2004},
}


%Barth{\'{e}}lemy, M., {\&} Flammini, A. (2008). Modeling urban street patterns. Physical Review Letters, 100, 138702. Advance online publication. 10.1103/PhysRevLett.100.138702185180050031-9007
@article{Barthelemy:2008,
  DOI = {10.1103/PhysRevLett.100.138702},
  ISSN = {0031-9007},
  author = {Barth{\'{e}}lemy, M. and Flammini, A.},
  journal = {Physical Review Letters},
  pages = {138702},
  pubmed = {18518005},
  title = {{M}odeling urban street patterns.},
  volume = {100},
  year = {2008},
}


%Barthelemy, M. (2011). Spatial networks. Physics Reports, 499, 1{\textendash}101. 10.1016/j.physrep.2010.11.0020370-1573
@article{Barthelemy:2011,
  DOI = {10.1016/j.physrep.2010.11.002},
  ISSN = {0370-1573},
  author = {Barthelemy, M.},
  journal = {Physics Reports},
  pages = {1--101},
  title = {{S}patial networks.},
  volume = {499},
  year = {2011},
}


%Barth{\'{e}}lemy, M., Bordin, P., Berestycki, H., {\&} Gribaudi, M. (2013). Self-organization versus top-down planning in the evolution of a city. Scientific Reports, 3, 2153. Advance online publication. 10.1038/srep02153238354292045-2322
@article{Barthelemy:2013,
  DOI = {10.1038/srep02153},
  ISSN = {2045-2322},
  author = {Barth{\'{e}}lemy, M. and Bordin, P. and Berestycki, H. and Gribaudi, M.},
  journal = {Scientific Reports},
  pages = {2153},
  pubmed = {23835429},
  title = {{S}elf-organization versus top-down planning in the evolution of a city.},
  volume = {3},
  year = {2013},
}


%Bassett, D. S., Bullmore, E., Verchinski, B. A., Mattay, V. S., Weinberger, D. R., {\&} Meyer-Lindenberg, A. (2008). Hierarchical organization of human cortical networks in health and schizophrenia. The Journal of Neuroscience : The Official Journal of the Society for Neuroscience, 28(37), 9239{\textendash}9248. 10.1523/JNEUROSCI.1929-08.2008187843041529-2401
@article{Bassett:2008,
  DOI = {10.1523/JNEUROSCI.1929-08.2008},
  ISSN = {1529-2401},
  author = {Bassett, D. S. and Bullmore, E. and Verchinski, B. A. and Mattay, V. S. and Weinberger, D. R. and Meyer-Lindenberg, A.},
  journal = {The Journal of Neuroscience : The Official Journal of the Society for Neuroscience},
  number = {37},
  pages = {9239--9248},
  pubmed = {18784304},
  title = {{H}ierarchical organization of human cortical networks in health and schizophrenia.},
  volume = {28},
  year = {2008},
}


%Batty, M. (2005b). Cities and complexity: understanding cities with cellular automata, agent-based models, and fractals. MIT Press.
@book{Batty:2005,
  author = {Batty, M.},
  publisher = {MIT Press},
  title = {{C}ities and complexity: understanding cities with cellular automata, agent-based models, and fractals},
  year = {2005},
}


%Beineke, L. W., Oellermann, O. R., {\&} Pippert, R. E. (2002). The Average Connectivity of a Graph. Discrete Mathematics, 252(1), 31{\textendash}45. 10.1016/S0012-365X(01)00180-70012-365X
@article{Beineke:2002,
  DOI = {10.1016/S0012-365X(01)00180-7},
  ISSN = {0012-365X},
  author = {Beineke, L. W. and Oellermann, O. R. and Pippert, R. E.},
  journal = {Discrete Mathematics},
  number = {1},
  pages = {31--45},
  title = {{T}he {A}verage {C}onnectivity of a {G}raph.},
  volume = {252},
  year = {2002},
}

%Gauzere, B., Brun, L., {\&} Villemin, D. Graph kernels: Crossing information from di{\#}erent patterns using graph edit distance. In Structural, Syntactic, and Statistical Pattern Recognition, volume 7626 of Lecture Notes in Computer Science, pages 42-50. 2012.
@misc{Gauzere:2012,
  author = {Gauzere, B. and Brun, L. and Villemin, D.},
  year = {2012},
}


%Gauzere, B., Brun, L., {\&} Villemin, D. (2012). Two new graph kernels in chemoinformatics. Pattern Recognition Letters, 33(15), 2038{\textendash}2047. 10.1016/j.patrec.2012.03.0200167-8655
@article{Gauzere:2012:1,
  DOI = {10.1016/j.patrec.2012.03.020},
  ISSN = {0167-8655},
  author = {Gauzere, B. and Brun, L. and Villemin, D.},
  journal = {Pattern Recognition Letters},
  number = {15},
  pages = {2038--2047},
  title = {{T}wo new graph kernels in chemoinformatics.},
  volume = {33},
  year = {2012},
}


%Berlingerio, M., Koutra, D., Eliassi-Rad, T., {\&} Faloutsos, C. 2012NetSimile: a scalable approach to size-independent network similarity. (http://arxiv.org/abs/1209.2684)
@misc{Berlingerio:2012,
  author = {Berlingerio, M. and Koutra, D. and Eliassi-Rad, T. and Faloutsos, C.},
  year = {2012},
}


%Boeing, G. {\textquotedblleft}A Multi-Scale Analysis of 27,000 Urban Street Networks: Every US City, Town, Urbanized Area, and Zillow Neighborhood.{\textquotedblright} SSRN, April 3, 2017. 10.2139/ssrn.2943038
@misc{Boeing:2017,
  DOI = {10.2139/ssrn.2943038},
  author = {Boeing, G.},
  year = {2017},
}


%Boeing, G. {\textquotedblleft}Methods and Measures for Analyzing Complex Street Networks and Urban Form.{\textquotedblright} SSRN, August 5, 2017. 10.2139/ssrn.3012684
@misc{Boeing:2017:1,
  DOI = {10.2139/ssrn.3012684},
  author = {Boeing, G.},
  year = {2017},
}


%Boeing, G. (2017). OSMnx: New Methods for Acquiring, Constructing, Analyzing, and Visualizing Complex Street Networks. Computers, Environment and Urban Systems, 65, 126{\textendash}139. 10.1016/j.compenvurbsys.2017.05.0040198-9715
@article{Boeing:2017:2,
  DOI = {10.1016/j.compenvurbsys.2017.05.004},
  ISSN = {0198-9715},
  author = {Boeing, G.},
  journal = {Computers, Environment and Urban Systems},
  pages = {126--139},
  title = {{OSM}nx: {N}ew {M}ethods for {A}cquiring, {C}onstructing, {A}nalyzing, and {V}isualizing {C}omplex {S}treet {N}etworks},
  volume = {65},
  year = {2017},
}


%Boeing, G. (2018). Planarity and street network representation in urban form analysis. Environment and Planning. B, Urban Analytics and City Science, 47, 855{\textendash}869. 10.1177/23998083188029412399-8083
@article{Boeing:2018,
  DOI = {10.1177/2399808318802941},
  ISSN = {2399-8083},
  author = {Boeing, G.},
  journal = {Environment and Planning. B, Urban Analytics and City Science},
  pages = {855--869},
  title = {{P}lanarity and street network representation in urban form analysis.},
  volume = {47},
  year = {2018},
}


%Boeing, G. (2019). The morphology and circuity of walkable and drivable street networks. In L. D'Acci (Ed.), The mathematics of urban morphology. Birkh{\"{a}}user., 10.1007/978-3-030-12381-9{\_}12
@misc{Boeing:2019,
  DOI = {10.1007/978-3-030-12381-9{\_}12},
  author = {Boeing, G.},
  editor = {D'Acci, L.},
  publisher = {Birkh{\"{a}}user},
  title = {{T}he morphology and circuity of walkable and drivable street networks},
  year = {2019},
}


%Bolt, D. (1982). Urban Form and Energy for Transportation Research Centre for Physical Planning. Organization for Applied Scientific Research.
@book{Bolt:1982,
  author = {Bolt, D.},
  publisher = {Organization for Applied Scientific Research},
  title = {{U}rban {F}orm and {E}nergy for {T}ransportation {R}esearch {C}entre for {P}hysical {P}lanning},
  year = {1982},
}


%Brede, M. (2012). Networks{\textemdash}An Introduction. Mark E. J. Newman. (2010, Oxford University Press.). Artificial Life, 18, 241{\textendash}242. 10.1162/artl{\_}r{\_}000621064-5462
@article{Brede:2012,
  DOI = {10.1162/artl{\_}r{\_}00062},
  ISSN = {1064-5462},
  author = {Brede, M.},
  journal = {Artificial Life},
  pages = {241--242},
  title = {{N}etworks{\textemdash}{A}n {I}ntroduction. {M}ark {E}. {J}. {N}ewman. (2010, {O}xford {U}niversity {P}ress.).},
  volume = {18},
  year = {2012},
}


%Brijnesh, J. (2011). Jain and Klaus Obermayer. Graph quantization. Computer Vision and Image Understanding, 115(7), 946{\textendash}961. 10.1016/j.cviu.2011.03.0041077-3142
@article{Brijnesh:2011,
  DOI = {10.1016/j.cviu.2011.03.004},
  ISSN = {1077-3142},
  author = {Brijnesh, J.},
  journal = {Computer Vision and Image Understanding},
  number = {7},
  pages = {946--961},
  title = {{J}ain and {K}laus {O}bermayer. {G}raph quantization.},
  volume = {115},
  year = {2011},
}

%Brin, S., {\&} Page, L. (1998). The anatomy of a large-scale hypertextual web search engine. Computer Networks and ISDN Systems, 30(1{\textendash}7), 107{\textendash}117. doi:10.1016/S0169-7552(98)00110-X~
@misc{Brin:1998,
  DOI = {10.1016/S0169-7552(98)00110-X},
  author = {Brin, S. and Page, L.},
  year = {1998},
}


%Buhl, J., Gautrais, J., Reeves, N., Sol{\'{e}}, R. V., Valverde, S., Kuntz, P., {\&} Theraulaz, G. (2006). Topological patterns in street networks of self-organized urban settlements. The European Physical Journal B, 49, 513{\textendash}522. 10.1140/epjb/e2006-00085-11434-6028
@article{Buhl:2006,
  DOI = {10.1140/epjb/e2006-00085-1},
  ISSN = {1434-6028},
  author = {Buhl, J. and Gautrais, J. and Reeves, N. and Sol{\'{e}}, R. V. and Valverde, S. and Kuntz, P. and Theraulaz, G.},
  journal = {The European Physical Journal B},
  pages = {513--522},
  title = {{T}opological patterns in street networks of self-organized urban settlements.},
  volume = {49},
  year = {2006},
}


%Bunke, H., {\&} Shearer, K. (1998). A graph distance metric based on the maximal common subgraph. Pattern Recognition Letters, 19(3), 255{\textendash}259. 10.1016/S0167-8655(97)00179-70167-8655
@article{Bunke:1998,
  DOI = {10.1016/S0167-8655(97)00179-7},
  ISSN = {0167-8655},
  author = {Bunke, H. and Shearer, K.},
  journal = {Pattern Recognition Letters},
  number = {3},
  pages = {255--259},
  title = {{A} graph distance metric based on the maximal common subgraph.},
  volume = {19},
  year = {1998},
}


%Bunke, H. "Recent developments in graph matching," Proceedings 15th International Conference on Pattern Recognition. ICPR-2000, 2000, pp. 117-124 vol.2, doi: 10.1109/ICPR.2000.906030
@inproceedings{Bunke:2000,
  DOI = {10.1109/ICPR.2000.906030},
  author = {Bunke, H.},
  booktitle = {{P}roceedings 15th {I}nternational {C}onference on {P}attern {R}ecognition. {ICPR}-2000},
  pages = {117--124},
  title = {{R}ecent developments in graph matching},
  volume = {vol.2},
  year = {2000},
}


%Carpi, L., Rosso, O., Saco, P., {\&} Ravetti, M. (2011). Analyzing complex networks evolution through information theory quantifiers. Physics Letters. [Part A], 375, 801{\textendash}804. 10.1016/j.physleta.2010.12.0380375-9601
@article{Carpi:2011,
  DOI = {10.1016/j.physleta.2010.12.038},
  ISSN = {0375-9601},
  author = {Carpi, L. and Rosso, O. and Saco, P. and Ravetti, M.},
  journal = {Physics Letters. [Part A]},
  pages = {801--804},
  title = {{A}nalyzing complex networks evolution through information theory quantifiers.},
  volume = {375},
  year = {2011},
}


%Cardillo, A., Scellato, S., Latora, V., {\&} Porta, S. (2006). Structural properties of planar graphs of urban street patterns. Physical Review E: Statistical, Nonlinear, and Soft Matter Physics, 73, 066107. Advance online publication. 10.1103/PhysRevE.73.066107169069141539-3755
@article{Cardillo:2006,
  DOI = {10.1103/PhysRevE.73.066107},
  ISSN = {1539-3755},
  author = {Cardillo, A. and Scellato, S. and Latora, V. and Porta, S.},
  journal = {Physical Review E: Statistical, Nonlinear, and Soft Matter Physics},
  pages = {066107},
  pubmed = {16906914},
  title = {{S}tructural properties of planar graphs of urban street patterns.},
  volume = {73},
  year = {2006},
}


%Cervero, R., {\&} Kockelman, K. (1997). Travel Demand and the 3 Ds: Density, Diversity, and Design. Transportation Research Part D, Transport and Environment, 2(3), 199{\textendash}219. 10.1016/S1361-9209(97)00009-61361-9209
@article{Cervero:1997,
  DOI = {10.1016/S1361-9209(97)00009-6},
  ISSN = {1361-9209},
  author = {Cervero, R. and Kockelman, K.},
  journal = {Transportation Research Part D, Transport and Environment},
  number = {3},
  pages = {199--219},
  title = {{T}ravel {D}emand and the 3 {D}s: {D}ensity, {D}iversity, and {D}esign.},
  volume = {2},
  year = {1997},
}


%Chan, S. H. Y., Donner, R. V., {\&} L{\"{a}}mmer, S. (2011). L.mmer, S. Urban road networks-spatial networks with universal geometric features? The European Physical Journal B, 84, 563{\textendash}578. 10.1140/epjb/e2011-10889-31434-6028
@article{Chan:2011,
  DOI = {10.1140/epjb/e2011-10889-3},
  ISSN = {1434-6028},
  author = {Chan, S. H. Y. and Donner, R. V. and L{\"{a}}mmer, S.},
  journal = {The European Physical Journal B},
  pages = {563--578},
  title = {{L}.mmer, {S}. {U}rban road networks-spatial networks with universal geometric features?},
  volume = {84},
  year = {2011},
}


%Chin, W.-C.-B., {\&} Wen, T.-H. (2015). Geographically Modified PageRank Algorithms: Identifying the Spatial Concentration of Human Movement in a Geospatial Network. PLoS One, 10(10), e0139509. 10.1371/journal.pone.0139509264370001932-6203
@article{Chin:2015,
  DOI = {10.1371/journal.pone.0139509},
  ISSN = {1932-6203},
  author = {Chin, W.-C.-B. and Wen, T.-H.},
  journal = {PLoS One},
  number = {10},
  pages = {e0139509},
  pubmed = {26437000},
  title = {{G}eographically {M}odified {P}age{R}ank {A}lgorithms: {I}dentifying the {S}patial {C}oncentration of {H}uman {M}ovement in a {G}eospatial {N}etwork.},
  volume = {10},
  year = {2015},
}


%Chowdhury S, M{\'{e}}moli F. 2017Distances and isomorphism between networks and the stability of network invariants.
@misc{Chowdhury:2017,
  author = {Chowdhury, S. and M{\'{e}}moli, F.},
  title = {{D}istances and {I}somorphism {B}etween {N}etworks and the {S}tability of {N}etwork {I}nvariants.},
  year = {2017},
}

%Papadimitriou, P., Dasdan, A., {\&} Garcia-Molina, H. (2010). Web graph similarity for anomaly detection. Journal of Internet Services and Applications, 1, 19{\textendash}30. 10.1007/s13174-010-0003-x1867-4828
@article{Papadimitriou:2010,
  DOI = {10.1007/s13174-010-0003-x},
  ISSN = {1867-4828},
  author = {Papadimitriou, P. and Dasdan, A. and Garcia-Molina, H.},
  journal = {Journal of Internet Services and Applications},
  pages = {19--30},
  title = {{W}eb graph similarity for anomaly detection.},
  volume = {1},
  year = {2010},
}


%Chung NC, Miasojedow B, Startek M, Gambin A (December 2019). "Jaccard/Tanimoto similarity test and estimation methods for biological presence-absence data". BMC 10.1186/s12859-019-3118-5
@misc{Chung:2019,
  DOI = {10.1186/s12859-019-3118-5},
  author = {Chung, N.C. and Miasojedow, B. and Startek, M. and Gambin, A.},
  year = {2019},
}

%Chung, N. C., Miasojedow, B., Startek, M., {\&} Gambin, A. (2019, December). Jaccard/Tanimoto similarity test and estimation methods for biological presence-absence data. BMC Bioinformatics, 20(Suppl 15), 644. 10.1186/s12859-019-3118-5318746101471-2105
@article{Chung:2019,
  DOI = {10.1186/s12859-019-3118-5},
  ISSN = {1471-2105},
  author = {Chung, N. C. and Miasojedow, B. and Startek, M. and Gambin, A.},
  journal = {BMC Bioinformatics},
  pages = {644},
  pubmed = {31874610},
  title = {{J}accard/{T}animoto similarity test and estimation methods for biological presence-absence data.},
  volume = {20},
  year = {2019},
}


%Courtat, T., Gloaguen, C., {\&} Douady, S. (2011). Mathematics and morphogenesis of cities: A geometrical approach. Physical Review E: Statistical, Nonlinear, and Soft Matter Physics, 83, 036106. 10.1103/PhysRevE.83.036106215175571550-2376
@article{Courtat:2011,
  DOI = {10.1103/PhysRevE.83.036106},
  ISSN = {1550-2376},
  author = {Courtat, T. and Gloaguen, C. and Douady, S.},
  journal = {Physical Review E: Statistical, Nonlinear, and Soft Matter Physics},
  pages = {036106},
  pubmed = {21517557},
  title = {{M}athematics and morphogenesis of cities: {A} geometrical approach.},
  volume = {83},
  year = {2011},
}


%Curtin, K. M. 2008. "Linear Referencing". The Encyclopedia of Geographic Information Science, 261-264. Karen Kemp ed. Sage Publications. 10.4135/9781412953962.n119
@misc{Curtin:2008,
  DOI = {10.4135/9781412953962.n119},
  author = {Curtin, K. M.},
  title = {{L}inear {R}eferencing},
  year = {2008},
}


%de Klerk, L. A. (1980). Op Zoek naar de Ideale Stad [In search of the ideal city]. Van Loghum Slaterus.
@book{deKlerk:1980,
  author = {de Klerk, L. A.},
  publisher = {Van Loghum Slaterus},
  title = {{O}p {Z}oek naar de {I}deale {S}tad},
  year = {1980},
}


%Deza, M. M., {\&} Deza, E. 2009Encyclopedia of distances. New York, NY: Springer(esp. Section 1.1, pp. 3{\textendash}10). 10.1007/978-3-642-00234-2
@misc{Deza:2009,
  DOI = {10.1007/978-3-642-00234-2},
  author = {Deza, M. M. and Deza, E.},
  title = {{E}ncyclopedia of distances.},
  year = {2009},
}


%Duo, N. (2002). 2004. Graph Theory with Applications to Engineering and Computer Science. PHI Learning Pvt. Ltd. Environment {\&} Planning A, 34, 1207{\textendash}1220.0308-518X
@article{Duo:2002,
  ISSN = {0308-518X},
  author = {Duo, N.},
  journal = {Environment {\&}amp; Planning A},
  pages = {1207--1220},
  title = {2004. {G}raph {T}heory with {A}pplications to {E}ngineering and {C}omputer {S}cience. {PHI} {L}earning {P}vt. {L}td.},
  volume = {34},
  year = {2002},
}


%Emmert-Streib, F., Dehmer, M., {\&} Shi, Y. (2016). Fifty years of graph matching, network alignment and network comparison. Information Sciences, 346, 180{\textendash}197. 10.1016/j.ins.2016.01.0740020-0255
@article{Emmert-Streib:2016,
  DOI = {10.1016/j.ins.2016.01.074},
  ISSN = {0020-0255},
  author = {Emmert-Streib, F. and Dehmer, M. and Shi, Y.},
  journal = {Information Sciences},
  pages = {180--197},
  title = {{F}ifty years of graph matching, network alignment and network comparison.},
  volume = {346},
  year = {2016},
}


%Eppstein, D., {\&} Goodrich, M. T. (2008) Studying (non-planar) road networks through an algorithmic Lens. In: Proceedings of the 16th ACM SIGSPATIAL international conference on advances in geographic information systems, GIS '08. Presented at the SIGSPATIAL `08, Irvine, California, p 16. https://doi.org/10.1145/1463434.1463455
@inproceedings{Eppstein:2008,
  DOI = {10.1145/1463434.1463455},
  author = {Eppstein, D. and Goodrich, M. T.},
  booktitle = {{P}roceedings of the 16th {ACM} {SIGSPATIAL} international conference on advances in geographic information systems, {GIS} '08},
  pages = {16},
  title = {{S}tudying (non-planar) road networks through an algorithmic {L}ens.},
  year = {2008},
}


%Ewing, R., {\&} Cervero, R. (2010). Travel and the Built Environment: A Meta-Analysis. Journal of the American Planning Association, 76(3), 265{\textendash}294. 10.1080/019443610037667660194-4363
@article{Ewing:2010,
  DOI = {10.1080/01944361003766766},
  ISSN = {0194-4363},
  author = {Ewing, R. and Cervero, R.},
  journal = {Journal of the American Planning Association},
  number = {3},
  pages = {265--294},
  title = {{T}ravel and the {B}uilt {E}nvironment: {A} {M}eta-{A}nalysis.},
  volume = {76},
  year = {2010},
}


%Fankhauser, S., Riesen, K., {\&} Bunke, H. Speeding up graph edit distance computation through fast bipartite matching. In: Jiang, X., Ferrer, M., Torsello, A. (eds.) GbRPR 2011. LNCS, vol. 6658, pp. 102{\textendash}111. Springer, Heidelberg (2011).~https://doi.org/10.1007/978-3-642-20844-7{\_}11
@misc{Fankhauser:2011,
  DOI = {10.1007/978-3-642-20844-7{\_}11},
  author = {Fankhauser, S. and Riesen, K. and Bunke, H.},
  year = {2011},
}


%Ficsher, Manfred. 2003. GIS and Network Analysis. Handbook 5 Transport Geography and Spatial Systems. Hensher D. Button K. and Stopher P. eds.
@misc{Ficsher:2003,
  author = {Ficsher, Manfred},
  year = {2003},
}

%Foggia, P., Percannella, G., {\&} Vento, M. (2014). Graph Matching and Learning in Pattern Recognition in the Last 10 Years. International Journal of Pattern Recognition and Artificial Intelligence, 28, 1450001. Advance online publication. 10.1142/S02180014145000130218-0014
@article{Foggia:2014,
  DOI = {10.1142/S0218001414500013},
  ISSN = {0218-0014},
  author = {Foggia, P. and Percannella, G. and Vento, M.},
  journal = {International Journal of Pattern Recognition and Artificial Intelligence},
  pages = {1450001},
  title = {{G}raph {M}atching and {L}earning in {P}attern {R}ecognition in the {L}ast 10 {Y}ears.},
  volume = {28},
  year = {2014},
}


%Francesc Serratosa, Rene Alquezar, and Alberto Sanfeliu. Synthesis of function described graphs and clustering of attributed graphs. International Journal of Pat- tern Recognition and Artificial Intelligence, 16-6:621-655, 2002. 10.1142/S0218001402001915
@misc{Serratosa:2002,
  DOI = {10.1142/S0218001402001915},
  author = {Serratosa, Francesc and Alquezar, Rene and Sanfeliu, Alberto},
  year = {2002},
}


%Gao, X., Xiao, B., Tao, D., {\&} Li, X. (2010). A survey of graph edit distance. Pattern Analysis {\&} Applications, 13(1), 113{\textendash}129. 10.1007/s10044-008-0141-y1433-7541
@article{Gao:2010,
  DOI = {10.1007/s10044-008-0141-y},
  ISSN = {1433-7541},
  author = {Gao, X. and Xiao, B. and Tao, D. and Li, X.},
  journal = {Pattern Analysis {\&}amp; Applications},
  number = {1},
  pages = {113--129},
  title = {{A} survey of graph edit distance.},
  volume = {13},
  year = {2010},
}


%Giacomin, D. J., {\&} Levinson, D. M. (2015). Road network circuity in metropolitan areas. Environment and Planning. B, Planning {\&} Design, 42, 1040{\textendash}1053. 10.1068/b130131p0265-8135
@article{Giacomin:2015,
  DOI = {10.1068/b130131p},
  ISSN = {0265-8135},
  author = {Giacomin, D. J. and Levinson, D. M.},
  journal = {Environment and Planning. B, Planning {\&}amp; Design},
  pages = {1040--1053},
  title = {{R}oad network circuity in metropolitan areas.},
  volume = {42},
  year = {2015},
}


%Gogoi, B. (2013). Structural Analysis of Existing Road Networks of Assam: A Transport Geographical Appraisal. International Journal of Scientific and Engineering Research, 4(12), 1817{\textendash}1823.2229-5518
@article{Gogoi:2013,
  ISSN = {2229-5518},
  author = {Gogoi, B.},
  journal = {International Journal of Scientific and Engineering Research},
  number = {12},
  pages = {1817--1823},
  title = {{S}tructural {A}nalysis of {E}xisting {R}oad {N}etworks of {A}ssam: {A} {T}ransport {G}eographical {A}ppraisal.},
  volume = {4},
  year = {2013},
}


%Golub, G. H., {\&} Van Loan, C. F. (2013). Matrix Computations (4th ed.). Johns Hopkins University Press.
@book{Golub:2013,
  author = {Golub, G. H. and Van Loan, C. F.},
  publisher = {Johns Hopkins University Press},
  title = {{M}atrix {C}omputations},
  year = {2013},
}


%Gudmundsson, A., {\&} Mohajeri, N. (2013). Entropy and order in urban street networks. Scientific Reports, 3, 3324. Advance online publication. 10.1038/srep03324242813052045-2322
@article{Gudmundsson:2013,
  DOI = {10.1038/srep03324},
  ISSN = {2045-2322},
  author = {Gudmundsson, A. and Mohajeri, N.},
  journal = {Scientific Reports},
  pages = {3324},
  pubmed = {24281305},
  title = {{E}ntropy and order in urban street networks.},
  volume = {3},
  year = {2013},
}


%Jurman, G., Visintainer, R., {\&} Furlanello, C. in Neural Nets WIRN10: Proceedings of the 20th Italian Workshop on Neural Nets, Vol. 226, edited by N. N. W. B. Apolloni et al. (IOS Press, 2011) pp. 227{\textendash}234.
@inproceedings{Jurman:2011,
  author = {Jurman, G. and Visintainer, R. and Furlanello, C.},
  booktitle = {{WIRN}10: {P}roceedings of the 20th {I}talian {W}orkshop on {N}eural {N}ets},
  editor = {Apolloni, N. N. W. B. and others},
  pages = {227--234},
  publisher = {IOS Press},
  title = {in {N}eural {N}ets},
  volume = {Vol. 226},
  year = {2011},
}


%G{\"{u}}nter, S., Bunke, H., {\&} the Simon G{\textasciidieresis}unter and Horst Bunke. (2002). Self-organizing map for clustering in the graphdomain. Pattern Recognition Letters, 23(4), 405{\textendash}417. 10.1016/S0167-8655(01)00173-80167-8655
@article{Gunter:2002,
  DOI = {10.1016/S0167-8655(01)00173-8},
  ISSN = {0167-8655},
  author = {G{\"{u}}nter, S. and Bunke, H. and {S}imon {G}{\textasciidieresis}unter and {H}orst {B}unke},
  journal = {Pattern Recognition Letters},
  number = {4},
  pages = {405--417},
  title = {{S}elf-organizing map for clustering in the graphdomain.},
  volume = {23},
  year = {2002},
}


%G{\"{u}}nter, S., Bunke, H., {\&} the Simon G{\textasciidieresis}unter and Horst Bunke. (2003). Validation indices for graph clustering. Pattern Recognition Letters, 24(8), 1107{\textendash}1113. 10.1016/S0167-8655(02)00257-X0167-8655
@article{Gunter:2003,
  DOI = {10.1016/S0167-8655(02)00257-X},
  ISSN = {0167-8655},
  author = {G{\"{u}}nter, S. and Bunke, H. and {S}imon {G}{\textasciidieresis}unter and {H}orst {B}unke},
  journal = {Pattern Recognition Letters},
  number = {8},
  pages = {1107--1113},
  title = {{V}alidation indices for graph clustering.},
  volume = {24},
  year = {2003},
}

%Hajrasouliha, A., {\&} Yin, L. (2015). The impact of street network connectivity on pedestrian volume. Urban Studies (Edinburgh, Scotland), 52(13), 2483{\textendash}2497. 10.1177/00420980145447630042-0980
@article{Hajrasouliha:2015,
  DOI = {10.1177/0042098014544763},
  ISSN = {0042-0980},
  author = {Hajrasouliha, A. and Yin, L.},
  journal = {Urban Studies (Edinburgh, Scotland)},
  number = {13},
  pages = {2483--2497},
  title = {{T}he impact of street network connectivity on pedestrian volume.},
  volume = {52},
  year = {2015},
}


%Hamming, R. W. (1950). Error detecting and error correcting codes. The Bell System Technical Journal, 29, 147{\textendash}160. 10.1016/S0016-0032(23)90506-5 10.1002/j.1538-7305.1950.tb00463.x0005-8580
@article{Hamming:1950,
  DOI = {10.1016/S0016-0032(23)90506-5},
  ISSN = {0005-8580},
  author = {Hamming, R. W.},
  journal = {The Bell System Technical Journal},
  pages = {147--160},
  title = {{E}rror detecting and error correcting codes.},
  volume = {29},
  year = {1950},
}


%Han, B., Sun, D., Yu, X., Song, W., {\&} Ding, L. (2020). Classification of Urban Street Networks Based on Tree-Like Network Features. Sustainability (Basel), 12, 628. 10.3390/su120206282071-1050
@article{Han:2020,
  DOI = {10.3390/su12020628},
  ISSN = {2071-1050},
  author = {Han, B. and Sun, D. and Yu, X. and Song, W. and Ding, L.},
  journal = {Sustainability (Basel)},
  pages = {628},
  title = {{C}lassification of {U}rban {S}treet {N}etworks {B}ased on {T}ree-{L}ike {N}etwork {F}eatures.},
  volume = {12},
  year = {2020},
}


%Hartle, H., Klein, B., McCabe, S., Daniels, A., St-Onge, G., Murphy, C., {\&} H{\'{e}}bert-Dufresne, L. (2020). Network comparison and the within-ensemble graph distance. Proceedings - Royal Society. Mathematical, Physical and Engineering Sciences, 476, 20190744. 10.1098/rspa.2019.0744333634351364-5021
@article{Hartle:2020,
  DOI = {10.1098/rspa.2019.0744},
  ISSN = {1364-5021},
  author = {Hartle, H. and Klein, B. and McCabe, S. and Daniels, A. and St-Onge, G. and Murphy, C. and H{\'{e}}bert-Dufresne, L.},
  journal = {Proceedings - Royal Society. Mathematical, Physical and Engineering Sciences},
  pages = {20190744},
  pubmed = {33363435},
  title = {{N}etwork comparison and the within-ensemble graph distance.},
  volume = {476},
  year = {2020},
}


%Hartmann, Stefan, Michael Weinmann, Raoul Wessel and Reinhard Klein. {\textquotedblleft}StreetGAN: towards road network synthesis with generative adversarial networks.{\textquotedblright} (2017).
@misc{Hartmann:2017,
  author = {Hartmann, Stefan and Weinmann, Michael and Wessel, Raoul and Klein, Reinhard},
  year = {2017},
}


%Hartmann, Stefan. {\textquotedblleft}Example-Based Urban Modeling.{\textquotedblright} (2018).
@misc{Hartmann:2018,
  author = {Hartmann, Stefan},
  year = {2018},
}


%Heinzle, F. (2007). K.-H. Anders and Monika Sester. Automatic Detection of Patterns In Road Networks {\textendash} Methods and Evaluation.
@book{Heinzle:2007,
  author = {Heinzle, F.},
  publisher = {Automatic Detection of Patterns In Road Networks {\textendash} Methods and Evaluation},
  title = {{K}.-{H}. {A}nders and {M}onika {S}ester},
  year = {2007},
}


%Heinzle, F., Anders, K. H., {\&} Sester, M. (2006). Pattern Recognition in Road Networks on the Example of Circular Road Detection. In M. Raubal, H. J. Miller, A. U. Frank, {\&} M. F. Goodchild (Eds.), Lecture Notes in Computer Science: Vol. 4197. Geographic Information Science. GIScience 2006. Springer. 10.1007/11863939{\_}11
@misc{Heinzle:2006,
  DOI = {10.1007/11863939{\_}11},
  author = {Heinzle, F. and Anders, K. H. and Sester, M.},
  editor = {Raubal, M. and Miller, H. J. and Frank, A. U. and Goodchild, M. F.},
  publisher = {Springer},
  title = {{P}attern {R}ecognition in {R}oad {N}etworks on the {E}xample of {C}ircular {R}oad {D}etection},
  volume = {Vol. 4197},
  year = {2006},
}


%Kashima, H., Tsuda, K., {\&} Inokuchi, A. Marginalized kernels between labeled graphs. In Int. Conference on Machine Learning, volume 20, page 321, 2003.
@inproceedings{Kashima:2003,
  author = {Kashima, H. and Tsuda, K. and Inokuchi, A.},
  booktitle = {{I}nt. {C}onference on {M}achine {L}earning},
  pages = {321},
  title = {{M}arginalized kernels between labeled graphs.},
  volume = {volume 20},
  year = {2003},
}


%Introduction to Graph Theory Trudeau, Richard J. 1994
@misc{IntroductiontoGraphTheoryTrudeau:1994,
  author = {{I}ntroduction to {G}raph {T}heory {T}rudeau},
  year = {1994},
}


%Jaccard, P. (1901). {\'{E}}tude de la distribution florale dans une portion des Alpes et du Jura. Bulletin de la Soci{\'{e}}t{\'{e}} Vaudoise des Sciences Naturelles, 37, 547{\textendash}579. 10.5169/seals-2664500037-9603
@article{Jaccard:1901,
  DOI = {10.5169/seals-266450},
  ISSN = {0037-9603},
  author = {Jaccard, P.},
  journal = {Bulletin de la Soci{\&}{\#}x00E9;t{\&}{\#}x00E9; Vaudoise des Sciences Naturelles},
  pages = {547--579},
  title = {{{\'{E}}}tude de la distribution florale dans une portion des {A}lpes et du {J}ura.},
  volume = {37},
  year = {1901},
}

%Feng, J., Laumy, M., {\&} Dhome, M. "Inexact matching using neural networks", Pattern Recognition in Practice IV: Multiple Paradigms Comparative Studies and Hybrid Systems, pp. 177-184, 1994. 10.1016/B978-0-444-81892-8.50020-1
@misc{Feng:1994,
  DOI = {10.1016/B978-0-444-81892-8.50020-1},
  author = {Feng, J. and Laumy, M. and Dhome, M.},
  title = {{I}nexact matching using neural networks},
  year = {1994},
}


%Jiang, B., {\&} Claramunt, C. (2004). Topological Analysis of Urban Street Networks. Environment and Planning. B, Planning {\&} Design, 31(1), 151{\textendash}162. 10.1068/b3060265-8135
@article{Jiang:2004,
  DOI = {10.1068/b306},
  ISSN = {0265-8135},
  author = {Jiang, B. and Claramunt, C.},
  journal = {Environment and Planning. B, Planning {\&}amp; Design},
  number = {1},
  pages = {151--162},
  title = {{T}opological {A}nalysis of {U}rban {S}treet {N}etworks.},
  volume = {31},
  year = {2004},
}


%Han, J. Micheline Kamber, Jian Pei, 2 - Getting to Know Your Data, Editor(s): Jiawei Han, Micheline Kamber, Jian Pei, In The Morgan Kaufmann Series in Data Management Systems, Data Mining (Third Edition), Morgan Kaufmann, 2012, Pages 39-82, ISBN 9780123814791, https://doi.org/10.1016/B978-0-12-381479-1.00002-2
@misc{Han:2012,
  DOI = {10.1016/B978-0-12-381479-1.00002-2},
  author = {Han, J.},
  year = {2012},
}


%Lin, J. (1991). Divergence measures based on the Shannon entropy. IEEE Transactions on Information Theory, 37, 145{\textendash}151. 10.1109/18.611150018-9448
@article{Lin:1991,
  DOI = {10.1109/18.61115},
  ISSN = {0018-9448},
  author = {Lin, J.},
  journal = {IEEE Transactions on Information Theory},
  pages = {145--151},
  title = {{D}ivergence measures based on the {S}hannon entropy},
  volume = {37},
  year = {1991},
}


%Jouili, S., Tabbone, S., {\&} Valveny, E. (2010). Comparing Graph Similarity for Graphical Recognition. Graphics Recognition. Achievements, Challenges, and Evolution. 10.1007/978-3-642-13728-0{\_}4
@book{Jouili:2010,
  DOI = {10.1007/978-3-642-13728-0{\_}4},
  author = {Jouili, S. and Tabbone, S. and Valveny, E.},
  publisher = {Graphics Recognition. Achievements, Challenges, and Evolution},
  title = {{C}omparing {G}raph {S}imilarity for {G}raphical {R}ecognition},
  year = {2010},
}


%Jurman, G., Visintainer, R., {\&} Furlanello, C. 2011An introduction to spectral distances in networks. Neural Nets WIRN10: Proceedings of the 20th Italian Workshop on Neural Nets. 227{\textendash}234. (doi:10.3233/978-1-60750-692-8-227)
@inproceedings{Jurman:2011,
  DOI = {10.3233/978-1-60750-692-8-227},
  author = {Jurman, G. and Visintainer, R. and Furlanello, C.},
  booktitle = {{WIRN}10: {P}roceedings of the 20th {I}talian {W}orkshop on {N}eural {N}ets},
  pages = {227--234},
  title = {{A}n introduction to spectral distances in networks.},
  year = {2011},
}


%Jurman, G., Visintainer, R., Filosi, M., Riccadonna, S., {\&} Furlanello, C. 2015The HIM global metric and kernel for network comparison and classification. In Proc. of the 2015 IEEE Int. Conf. on Data Science and Advanced Analytics, DSAA. 1{\textendash}10. (doi:10.1109/DSAA.2015.7344816)
@misc{Jurman:2015,
  DOI = {10.1109/DSAA.2015.7344816},
  author = {Jurman, G. and Visintainer, R. and Filosi, M. and Riccadonna, S. and Furlanello, C.},
  title = {{T}he {HIM} global metric and kernel for network comparison and classification.},
  year = {2015},
}


%Kaiser, M. (2011). A tutorial in connectome analysis: Topological and spatial features of brain networks. NeuroImage, 57(3), 892{\textendash}907. 10.1016/j.neuroimage.2011.05.025216056881095-9572
@article{Kaiser:2011,
  DOI = {10.1016/j.neuroimage.2011.05.025},
  ISSN = {1095-9572},
  author = {Kaiser, M.},
  journal = {NeuroImage},
  number = {3},
  pages = {892--907},
  pubmed = {21605688},
  title = {{A} tutorial in connectome analysis: {T}opological and spatial features of brain networks.},
  volume = {57},
  year = {2011},
}


%Karsten, M. Borgwardt and Hans-Peter Kriegel. Shortest-path kernels on graphs. In Data Mining, Fifth IEEE International Conference on. IEEE, 2005.
@misc{Karsten:2005,
  author = {Karsten, M.},
  title = {{B}orgwardt and {H}ans-{P}eter {K}riegel.},
  year = {2005},
}


%Riesen, K., Bunke, H., {\&} the Kaspar Riesen and Horst Bunke. (2009). Approximate graph edit distance computation by means of bipartite graph matching. Image and Vision Computing, 27(7), 950{\textendash}959. 10.1016/j.imavis.2008.04.0040262-8856
@article{Riesen:2009,
  DOI = {10.1016/j.imavis.2008.04.004},
  ISSN = {0262-8856},
  author = {Riesen, K. and Bunke, H. and {K}aspar {R}iesen and {H}orst {B}unke},
  journal = {Image and Vision Computing},
  number = {7},
  pages = {950--959},
  title = {{A}pproximate graph edit distance computation by means of bipartite graph matching.},
  volume = {27},
  year = {2009},
}

%Koutra, D., Parikh, A., Ramdas, A. {\&} Xiang, J. (2011). Algorithms for Graph Similarity and Subgraph Matching., .
@misc{Koutra:2011,
  author = {Koutra, D. and Parikh, A. and Ramdas, A. and Xiang, J.},
  year = {2011},
}


%Henderson, K., Gallagher, B., Li, L., Akoglu, L., Eliassi-Rad, T., Tong, H., {\&} Faloutsos, C. in Proceedings of the 17th ACM SIGKDD International Conference on Knowledge Discovery and Data Mining, KDD '11 (Association for Computing Machinery, New York, NY, USA, 2011) p. 663{\textendash}671.
@misc{Henderson:2011,
  author = {Henderson, K. and Gallagher, B. and Li, L. and Akoglu, L. and Eliassi-Rad, T. and Tong, H. and Faloutsos, C.},
  year = {2011},
}


%Levinson, D., {\&} El-Geneidy, A. (2009). The minimum circuity frontier and the journey to work. Regional Science and Urban Economics, 39, 732{\textendash}738. 10.1016/j.regsciurbeco.2009.07.0030166-0462
@article{Levinson:2009,
  DOI = {10.1016/j.regsciurbeco.2009.07.003},
  ISSN = {0166-0462},
  author = {Levinson, D. and El-Geneidy, A.},
  journal = {Regional Science and Urban Economics},
  pages = {732--738},
  title = {{T}he minimum circuity frontier and the journey to work.},
  volume = {39},
  year = {2009},
}


%Lima, M. (2015). The Book of Trees: Visualizing Branches of Knowledge. China Machine Press.
@book{Lima:2015,
  author = {Lima, M.},
  publisher = {China Machine Press},
  title = {{T}he {B}ook of {T}rees: {V}isualizing {B}ranches of {K}nowledge},
  year = {2015},
}


%Lin, J., {\&} Ban, Y. (2013). Complex network topology of transportation systems. Transport Reviews, 33, 658{\textendash}685. 10.1080/01441647.2013.8489550144-1647
@article{Lin:2013,
  DOI = {10.1080/01441647.2013.848955},
  ISSN = {0144-1647},
  author = {Lin, J. and Ban, Y.},
  journal = {Transport Reviews},
  pages = {658--685},
  title = {{C}omplex network topology of transportation systems.},
  volume = {33},
  year = {2013},
}


%Louf, R., {\&} Barthelemy, M. (2014). A typology of street patterns. [n. Pag.]. Journal of the Royal Society, Interface, 11, 20140924. 10.1098/rsif.2014.0924252973181742-5662
@article{Louf:2014,
  DOI = {10.1098/rsif.2014.0924},
  ISSN = {1742-5662},
  author = {Louf, R. and Barthelemy, M.},
  journal = {Journal of the Royal Society, Interface},
  pages = {20140924},
  pubmed = {25297318},
  title = {{A} typology of street patterns.},
  volume = {11},
  year = {2014},
}


%Rossi, L., Torsello, A., {\&} Hancock, E. R. A continuous-time quantum walk kernel for unattributed graphs. In Walter G. Kropatsch, Nicole M. Artner, Yll Haxhimusa, and Xiaoyi Jiang, editors, Graph-Based Representations in Pattern Recognition, volume 7877 of Lecture Notes in Computer Science, pages 101-110. Springer Berlin Heidelberg, 2013. 10.1007/978-3-642-38221-5{\_}11
@misc{Rossi:2013,
  DOI = {10.1007/978-3-642-38221-5{\_}11},
  author = {Rossi, L. and Torsello, A. and Hancock, E. R.},
  title = {{A} continuous-time quantum walk kernel for unattributed graphs.},
  year = {2013},
}


%Carpi, L. C., Rosso, O. A., Saco, P. M., {\&} Ravetti, M. G. (2011). Analyzing complex networks evolution through Information Theory quantifiers. Physics Letters. [Part A], 375, 801{\textendash}804. 10.1016/j.physleta.2010.12.0380375-9601
@article{Carpi:2011,
  DOI = {10.1016/j.physleta.2010.12.038},
  ISSN = {0375-9601},
  author = {Carpi, L. C. and Rosso, O. A. and Saco, P. M. and Ravetti, M. G.},
  journal = {Physics Letters. [Part A]},
  pages = {801--804},
  title = {{A}nalyzing complex networks evolution through {I}nformation {T}heory quantifiers},
  volume = {375},
  year = {2011},
}


%Sugiyama, M., {\&} Borgwardt, K. M. Halting in Random Walk Kernels. In Advances in Neural Information Processing Systems, 1639{\textendash}1647. 2015.
@misc{Sugiyama:2015,
  author = {Sugiyama, M. and Borgwardt, K. M.},
  title = {{H}alting in {R}andom {W}alk {K}ernels.},
  year = {2015},
}


%Marshall, S. (2005). Streets {\&} Patterns. Spon Press.
@book{Marshall:2005,
  author = {Marshall, S.},
  publisher = {Spon Press},
  title = {{S}treets {\&} {P}atterns},
  year = {2005},
}


%Marshall, W., {\&} Garrick, N. (2010). Street network types and road safety: A study of 24 Californian cities. URBAN DESIGN International, 15, 133{\textendash}147. 10.1057/udi.2009.311357-5317
@article{Marshall:2010,
  DOI = {10.1057/udi.2009.31},
  ISSN = {1357-5317},
  author = {Marshall, W. and Garrick, N.},
  journal = {URBAN DESIGN International},
  pages = {133--147},
  title = {{S}treet network types and road safety: {A} study of 24 {C}alifornian cities},
  volume = {15},
  year = {2010},
}

%Marshall, W. E., {\&} Garrick, N. W. (2011). Does street network design affect traffic safety? Accident; Analysis and Prevention, 43(3), 769{\textendash}781. 10.1016/j.aap.2010.10.024213768651879-2057
@article{Marshall:2011,
  DOI = {10.1016/j.aap.2010.10.024},
  ISSN = {1879-2057},
  author = {Marshall, W. E. and Garrick, N. W.},
  journal = {Accident; Analysis and Prevention},
  number = {3},
  pages = {769--781},
  pubmed = {21376865},
  title = {{D}oes street network design affect traffic safety?},
  volume = {43},
  year = {2011},
}


%Marshall, S., Gil, J., Kropf, K., Tomko, M., {\&} Figueiredo, L. (2018). Street network studies: From networks to models and their representations. Networks and Spatial Economics, 18, 735{\textendash}749. Advance online publication. 10.1007/s11067-018-9427-91566-113X
@article{Marshall:2018,
  DOI = {10.1007/s11067-018-9427-9},
  ISSN = {1566-113X},
  author = {Marshall, S. and Gil, J. and Kropf, K. and Tomko, M. and Figueiredo, L.},
  journal = {Networks and Spatial Economics},
  pages = {735--749},
  title = {{S}treet network studies: {F}rom networks to models and their representations.},
  volume = {18},
  year = {2018},
}


%Manrique, R., Cueto-Ramirez, F., {\&} Mari{\~{n}}o, O. (2018). Comparing Graph Similarity Measures for Semantic Representations of Documents. In C. J. Serrano {\&} J. Mart{\'{\i}}nez-Santos (Eds.), Advances in Computing. CCC 2018. Communications in Computer and Information Science (Vol. 885). Springer., 10.1007/978-3-319-98998-3{\_}13
@misc{Manrique:2018,
  DOI = {10.1007/978-3-319-98998-3{\_}13},
  author = {Manrique, R. and Cueto-Ramirez, F. and Mari{\~{n}}o, O.},
  editor = {Serrano, C. J. and Mart{\'{\i}}nez-Santos, J.},
  publisher = {Springer},
  title = {{C}omparing {G}raph {S}imilarity {M}easures for {S}emantic {R}epresentations of {D}ocuments},
  volume = {Vol. 885},
  year = {2018},
}


%Masucci, A. P., Stanilov, K., {\&} Batty, M. (2013). Limited urban growth: London's street network dynamics since the 18th century. PLoS One, 8, e69469. 10.1371/journal.pone.0069469239508951932-6203
@article{Masucci:2013,
  DOI = {10.1371/journal.pone.0069469},
  ISSN = {1932-6203},
  author = {Masucci, A. P. and Stanilov, K. and Batty, M.},
  journal = {PLoS One},
  pages = {e69469},
  pubmed = {23950895},
  title = {{L}imited urban growth: {L}ondon's street network dynamics since the 18th century.},
  volume = {8},
  year = {2013},
}


%Meil% UNKNOWN UNICODE CHARACTER 001CE (LATIN SMALL LETTER A WITH CARON)
, M. (2007). Comparing clusterings-an information based distance. Journal of Multivariate Analysis, 98, 873{\textendash}895. 10.1016/j.jmva.2006.11.0130047-259X
@article{Meila:2007,
  DOI = {10.1016/j.jmva.2006.11.013},
  ISSN = {0047-259X},
  author = {Meil% UNKNOWN UNICODE CHARACTER 001CE (LATIN SMALL LETTER A WITH CARON)
, M.},
  journal = {Journal of Multivariate Analysis},
  pages = {873--895},
  title = {{C}omparing clusterings-an information based distance.},
  volume = {98},
  year = {2007},
}


%Neuhaus, M., Riesen, K., {\&} Bunke, H. (2009). Novel kernels for error-tolerant graph classification. Spatial Vision, 22(5), 425{\textendash}441. 10.1163/156856809789476119198149050169-1015
@article{Neuhaus:2009,
  DOI = {10.1163/156856809789476119},
  ISSN = {0169-1015},
  author = {Neuhaus, M. and Riesen, K. and Bunke, H.},
  journal = {Spatial Vision},
  number = {5},
  pages = {425--441},
  pubmed = {19814905},
  title = {{N}ovel kernels for error-tolerant graph classification.},
  volume = {22},
  year = {2009},
}


%Neuhaus, M., Bunke, H., {\&} the Michel Neuhaus and Horst Bunke. (2006). Edit distance-based kernel functions for structural pattern classification. Pattern Recognition, 39(10), 1852{\textendash}1863. 10.1016/j.patcog.2006.04.0120031-3203
@article{Neuhaus:2006,
  DOI = {10.1016/j.patcog.2006.04.012},
  ISSN = {0031-3203},
  author = {Neuhaus, M. and Bunke, H. and {M}ichel {N}euhaus and {H}orst {B}unke},
  journal = {Pattern Recognition},
  number = {10},
  pages = {1852--1863},
  title = {{E}dit distance-based kernel functions for structural pattern classification.},
  volume = {39},
  year = {2006},
}


%Miguel Angel Lozano and Francisco Escolano. A significant improvement of softas-sign with diffusion kernels. In Structural, Syntactic, and Statistical Pattern Recognition, pages 76-84. Springer, 2004.
@misc{MiguelAngelLozanoandFranciscoEscolano:2004,
  author = {{M}iguel {A}ngel {L}ozano and {F}rancisco {E}scolano},
  title = {{A} significant improvement of softas-sign with diffusion kernels.},
  year = {2004},
}


%Miguel Angel Lozano and Francisco Escolano. (2013). Graph matching and clustering using kernel attributes. Neurocomputing, 113(0), 177{\textendash}194.0925-2312
@article{MiguelAngelLozanoandFranciscoEscolano:2013,
  ISSN = {0925-2312},
  author = {{M}iguel {A}ngel {L}ozano and {F}rancisco {E}scolano},
  journal = {Neurocomputing},
  number = {0},
  pages = {177--194},
  title = {{G}raph matching and clustering using kernel attributes.},
  volume = {113},
  year = {2013},
}


%Pelillo, M., Equations, R., Cliques, M., {\&} Isomorphism, G. (1999). Replicator equations, maximal cliques, and graph isomorphism. Neural Computation, 11(8), 1933{\textendash}1955. 10.1162/089976699300016034105780390899-7667
@article{Pelillo:1999,
  DOI = {10.1162/089976699300016034},
  ISSN = {0899-7667},
  author = {Pelillo, M. and Equations, R. and Cliques, M. and Isomorphism, G.},
  journal = {Neural Computation},
  number = {8},
  pages = {1933--1955},
  pubmed = {10578039},
  title = {{R}eplicator equations, maximal cliques, and graph isomorphism.},
  volume = {11},
  year = {1999},
}

%Mellor, A., {\&} Grusovin, A. (2019). Graph comparison via the nonbacktracking spectrum. Physical Review. E, 99, 052309. 10.1103/PhysRevE.99.052309312124532470-0053
@article{Mellor:2019,
  DOI = {10.1103/PhysRevE.99.052309},
  ISSN = {2470-0053},
  author = {Mellor, A. and Grusovin, A.},
  journal = {Physical Review. E},
  pages = {052309},
  pubmed = {31212453},
  title = {{G}raph comparison via the nonbacktracking spectrum.},
  volume = {99},
  year = {2019},
}


%Mohajeri, N., French, J., {\&} Gudmundsson, A. (2013a). Entropy measures of street-network dispersion: Analysis of coastal cities in Brazil and Britain. Entropy (Basel, Switzerland), 15, 3340{\textendash}3360. 10.3390/e150933401099-4300
@article{Mohajeri:2013,
  DOI = {10.3390/e15093340},
  ISSN = {1099-4300},
  author = {Mohajeri, N. and French, J. and Gudmundsson, A.},
  journal = {Entropy (Basel, Switzerland)},
  pages = {3340--3360},
  title = {{E}ntropy measures of street-network dispersion: {A}nalysis of coastal cities in {B}razil and {B}ritain.},
  volume = {15},
  year = {2013},
}


%Mohajeri, N., French, J. R., {\&} Batty, M. (2013b). Evolution and entropy in the organization of urban street patterns. Annals of GIS, 19, 1{\textendash}16. 10.1080/19475683.2012.7581751947-5683
@article{Mohajeri:2013:1,
  DOI = {10.1080/19475683.2012.758175},
  ISSN = {1947-5683},
  author = {Mohajeri, N. and French, J. R. and Batty, M.},
  journal = {Annals of GIS},
  pages = {1--16},
  title = {{E}volution and entropy in the organization of urban street patterns.},
  volume = {19},
  year = {2013},
}


%Mohajeri, N., {\&} Gudmundsson, A. (2012). Entropies and scaling exponents of street and fracture networks. Entropy (Basel, Switzerland), 14, 800{\textendash}833. 10.3390/e140408001099-4300
@article{Mohajeri:2012,
  DOI = {10.3390/e14040800},
  ISSN = {1099-4300},
  author = {Mohajeri, N. and Gudmundsson, A.},
  journal = {Entropy (Basel, Switzerland)},
  pages = {800--833},
  title = {{E}ntropies and scaling exponents of street and fracture networks.},
  volume = {14},
  year = {2012},
}


%Mohajeri, N., {\&} Gudmundsson, A. (2014). The evolution and complexity of urban street networks: Urban street networks. Geographical Analysis, 46, 345{\textendash}367. 10.1111/gean.120610016-7363
@article{Mohajeri:2014,
  DOI = {10.1111/gean.12061},
  ISSN = {0016-7363},
  author = {Mohajeri, N. and Gudmundsson, A.},
  journal = {Geographical Analysis},
  pages = {345--367},
  title = {{T}he evolution and complexity of urban street networks: {U}rban street networks.},
  volume = {46},
  year = {2014},
}


%Newman, Mark EJ. 2003. The Structure and function of complex networks. SIAM Review. Vol. 45:2. pp. 167-256.
@misc{Unknown:2003,
  year = {2003},
}


%Newman, M. E. J. (2010). Networks: An Introduction. Oxford University Press. 10.1093/acprof:oso/9780199206650.001.0001
@book{Newman:2010,
  DOI = {10.1093/acprof:oso/9780199206650.001.0001},
  author = {Newman, M. E. J.},
  publisher = {Oxford University Press},
  title = {{N}etworks: {A}n {I}ntroduction},
  year = {2010},
}


%Noda, T., {\&} Bower, J. L. (1996). Strategy making as iterated processes of resource allocation. Strategic Management Journal, 17, 159{\textendash}192. 10.1002/smj.42501710110143-2095
@article{Noda:1996,
  DOI = {10.1002/smj.4250171011},
  ISSN = {0143-2095},
  author = {Noda, T. and Bower, J. L.},
  journal = {Strategic Management Journal},
  pages = {159--192},
  title = {{S}trategy making as iterated processes of resource allocation.},
  volume = {17},
  year = {1996},
}


%Nuhu H. Tini and Muhammad Z. Shah. {\textquotedblleft}Evaluation of Road Network Topological Pattern in Abuja Municipality, Nigeria.{\textquotedblright} European International Journal of Science and Technology Vol. 7 No. 1. (2018).
@misc{Nuhu:2018,
  author = {Nuhu, H.},
  year = {2018},
}


%Masuda, N., {\&} Holme, P. (2019).. . Scientific Reports, 9, 1.306269172045-2322
@misc{Masuda:2019,
  ISSN = {2045-2322},
  author = {Masuda, N. and Holme, P.},
  journal = {Scientific Reports},
  pages = {1},
  pubmed = {30626917},
  volume = {9},
  year = {2019},
}


%O'Sullivan. (2014). Dr. Spatial Network Analysis., 10.1007/978-3-642-23430-9{\_}67
@book{OSullivan:2014,
  DOI = {10.1007/978-3-642-23430-9{\_}67},
  author = {{O}'{S}ullivan},
  publisher = {Spatial Network Analysis},
  title = {{D}r},
  year = {2014},
}


%Papadimitriou, P., Dasdan, A., {\&} Garcia-Molina, H. (2010). Web graph similarity for anomaly detection. Journal of Internet Services and Applications, 1(1), 19{\textendash}30. 10.1007/s13174-010-0003-x1867-4828
@article{Papadimitriou:2010,
  DOI = {10.1007/s13174-010-0003-x},
  ISSN = {1867-4828},
  author = {Papadimitriou, P. and Dasdan, A. and Garcia-Molina, H.},
  journal = {Journal of Internet Services and Applications},
  number = {1},
  pages = {19--30},
  title = {{W}eb graph similarity for anomaly detection.},
  volume = {1},
  year = {2010},
}

%Virtanen, P., Gommers, R., Oliphant, T. E., . . .. (3 February 2020). "SciPy 1.0: fundamental algorithms for scientific computing in Python" (PDF). Nature Methods. 17 (3): 261{\textendash}272. doi:10.1038/S41592-019-0686-2. ISSN 1548-7091. PMC 7056644. PMID 32015543. Wikidata Q84573952 10.1038/s41592-019-0686-2
@misc{Virtanen:2020,
  DOI = {10.1038/S41592-019-0686-2},
  author = {Virtanen, P. and Gommers, R. and Oliphant, T. E. and others},
  year = {2020},
}


%Perez, J., Araldi, A., Fusco, G., {\&} Fuse, T. (2019). The Character of Urban Japan: Overview of Osaka-Kobe's Cityscapes. Urban Science, 3, 105. Advance online publication. 10.3390/urbansci30401052413-8851
@article{Perez:2019,
  DOI = {10.3390/urbansci3040105},
  ISSN = {2413-8851},
  author = {Perez, J. and Araldi, A. and Fusco, G. and Fuse, T.},
  journal = {Urban Science},
  pages = {105},
  title = {{T}he {C}haracter of {U}rban {J}apan: {O}verview of {O}saka-{K}obe's {C}ityscapes.},
  volume = {3},
  year = {2019},
}


%Grenier, P.-A., Brun, L., {\&} Villemin, D. Treelet kernel incorporating chiral information. In GbRPR, pages 132-141, 2013. 10.1007/978-3-642-38221-5{\_}14
@misc{Grenier:2013,
  DOI = {10.1007/978-3-642-38221-5{\_}14},
  author = {Grenier, P.-A. and Brun, L. and Villemin, D.},
  title = {{T}reelet kernel incorporating chiral information.},
  year = {2013},
}


%Mah{\'{e}}, P., Vert, J.-P., {\&} the Pierre Mahe and Jean-Philippe Vert. (2009). Graph kernels based on tree patterns for molecules. Machine Learning, 75(1), 3{\textendash}35. 10.1007/s10994-008-5086-20885-6125
@article{Mahe:2009,
  DOI = {10.1007/s10994-008-5086-2},
  ISSN = {0885-6125},
  author = {Mah{\'{e}}, P. and Vert, J.-P. and {P}ierre {M}ahe and {J}ean-{P}hilippe {V}ert},
  journal = {Machine Learning},
  number = {1},
  pages = {3--35},
  title = {{G}raph kernels based on tree patterns for molecules.},
  volume = {75},
  year = {2009},
}


%Porta, S., Crucitti, P., {\&} Latora, V. (2006). The network analysis of urban streets: A primal approach. Environment and Planning. B, Planning {\&} Design, 33, 705{\textendash}725. 10.1068/b320450265-8135
@article{Porta:2006,
  DOI = {10.1068/b32045},
  ISSN = {0265-8135},
  author = {Porta, S. and Crucitti, P. and Latora, V.},
  journal = {Environment and Planning. B, Planning {\&}amp; Design},
  pages = {705--725},
  title = {{T}he network analysis of urban streets: {A} primal approach.},
  volume = {33},
  year = {2006},
}


%Ratti, C. (2004). Space syntax: Some inconsistencies. Environment and Planning. B, Planning {\&} Design, 31, 487{\textendash}799. 10.1068/b30190265-8135
@article{Ratti:2004,
  DOI = {10.1068/b3019},
  ISSN = {0265-8135},
  author = {Ratti, C.},
  journal = {Environment and Planning. B, Planning {\&}amp; Design},
  pages = {487--799},
  title = {{S}pace syntax: {S}ome inconsistencies},
  volume = {31},
  year = {2004},
}


%Richards, W., {\&} Macindoe, O. (2010). Decomposing Social Networks. 2010 IEEE Second International Conference on Social Computing, 114-119. 10.1109/SocialCom.2010.25
@inproceedings{Richards:2010,
  DOI = {10.1109/SocialCom.2010.25},
  author = {Richards, W. and Macindoe, O.},
  booktitle = {2010 {IEEE} {S}econd {I}nternational {C}onference on {S}ocial {C}omputing},
  pages = {114--119},
  title = {{D}ecomposing {S}ocial {N}etworks.},
  year = {2010},
}


%Kondor, R., Shervashidze, N., {\&} Borgwardt, K. M. The graphlet spectrum. In Proceedings of the 26th Annual International Conference on Machine Learning, ICML '09, pages 529{\lbrace}536. ACM, 2009.
@inproceedings{Kondor:2009,
  author = {Kondor, R. and Shervashidze, N. and Borgwardt, K. M.},
  booktitle = {{P}roceedings of the 26th {A}nnual {I}nternational {C}onference on {M}achine {L}earning, {ICML} '09},
  pages = {529},
  title = {{T}he graphlet spectrum.},
  year = {2009},
}


%Rodrigue, J. P., Comtois, C., {\&} Slack, B. (2006). The Geography of Transport System. Routledge.
@book{Rodrigue:2006,
  author = {Rodrigue, J. P. and Comtois, C. and Slack, B.},
  publisher = {Routledge},
  title = {{T}he {G}eography of {T}ransport {S}ystem},
  year = {2006},
}


%Rottier H, 1980 Stedelijke Structuren [Urban structures] (Coutinho, Muiderberg).
@misc{Rottier:1980,
  author = {Rottier, H.},
  year = {1980},
}

%Siglidis, Giannis {\&} Nikolentzos, Giannis {\&} Limnios, Stratis {\&} Giatsidis, Christos {\&} Skianis, Konstantinos {\&} Vazirgianis, Michalis. (2018). GraKeL: A Graph Kernel Library in Python.~
@misc{Siglidis:2018,
  author = {Siglidis, Giannis and Nikolentzos, Giannis and Limnios, Stratis and Giatsidis, Christos and Skianis, Konstantinos and Vazirgianis, Michalis},
  year = {2018},
}


%Simon, G. (2002). % UNKNOWN UNICODE CHARACTER 0007F (DELETE)
unter and Horst Bunke. Self-organizing map for clustering in the graph domain. Pattern Recognition Letters, 23(4), 405{\textendash}417. 10.1016/S0167-8655(01)00173-80167-8655
@article{Simon:2002,
  DOI = {10.1016/S0167-8655(01)00173-8},
  ISSN = {0167-8655},
  author = {Simon, G.},
  journal = {Pattern Recognition Letters},
  number = {4},
  pages = {405--417},
  title = {% UNKNOWN UNICODE CHARACTER 0007F (DELETE)
unter and {H}orst {B}unke. {S}elf-organizing map for clustering in the graph domain.},
  volume = {23},
  year = {2002},
}


%Simon, G. (2003). % UNKNOWN UNICODE CHARACTER 0007F (DELETE)
unter and Horst Bunke. Validation indices for graph clustering. Pattern Recognition Letters, 24(8), 1107{\textendash}1113. 10.1016/S0167-8655(02)00257-X0167-8655
@article{Simon:2003,
  DOI = {10.1016/S0167-8655(02)00257-X},
  ISSN = {0167-8655},
  author = {Simon, G.},
  journal = {Pattern Recognition Letters},
  number = {8},
  pages = {1107--1113},
  title = {% UNKNOWN UNICODE CHARACTER 0007F (DELETE)
unter and {H}orst {B}unke. {V}alidation indices for graph clustering.},
  volume = {24},
  year = {2003},
}


%Snellen, D. M. E. G. W., Borgers, A. W. J., {\&} Timmermans, H. J. P. (2002). Urban form, road network type, and mode choice for frequently conducted activities : A multilevel analysis using quasi-experimental design data. Environment {\&} Planning A, 34(7), 1207{\textendash}1220. 10.1068/a3490308-518X
@article{Snellen:2002,
  DOI = {10.1068/a349},
  ISSN = {0308-518X},
  author = {Snellen, D. M. E. G. W. and Borgers, A. W. J. and Timmermans, H. J. P.},
  journal = {Environment {\&}amp; Planning A},
  number = {7},
  pages = {1207--1220},
  title = {{U}rban form, road network type, and mode choice for frequently conducted activities : {A} multilevel analysis using quasi-experimental design data.},
  volume = {34},
  year = {2002},
}


%Soundarajan, S., Eliassi-Rad, T., {\&} Gallagher, B. (2014). A Guide to Selecting a Network Similarity Method. SDM. 10.1137/1.9781611973440.118
@book{Soundarajan:2014,
  DOI = {10.1137/1.9781611973440.118},
  author = {Soundarajan, S. and Eliassi-Rad, T. and Gallagher, B.},
  publisher = {SDM},
  title = {{A} {G}uide to {S}electing a {N}etwork {S}imilarity {M}ethod},
  year = {2014},
}


%Southworth, M., {\&} Ben-Joseph, E. (2003). Streets and the Shaping of Towns and Cities. Island Press.
@book{Southworth:2003,
  author = {Southworth, M. and Ben-Joseph, E.},
  publisher = {Island Press},
  title = {{S}treets and the {S}haping of {T}owns and {C}ities},
  year = {2003},
}


%Southworth, M., {\&} Owens, P. (1993). The evolving metropolis: Studies of community, neighborhood, and street form at the urban edge. Journal of the American Planning Association, 59(3), 271{\textendash}287. 10.1080/019443693089758800194-4363
@article{Southworth:1993,
  DOI = {10.1080/01944369308975880},
  ISSN = {0194-4363},
  author = {Southworth, M. and Owens, P.},
  journal = {Journal of the American Planning Association},
  number = {3},
  pages = {271--287},
  title = {{T}he evolving metropolis: {S}tudies of community, neighborhood, and street form at the urban edge},
  volume = {59},
  year = {1993},
}


%S. McCabe, L. Torres, T. LaRock, S. Haque, C.-H. Yang, H. Hartle, and B. Klein, {\textquotedblleft}netrd: Network reconstruction and graph distance measures in python,{\textquotedblright} (2019).
@misc{McCabe:2019,
  author = {McCabe, S. and Torres, L. and LaRock, T. and Haque, S. and Yang, C.-H. and Hartle, H. and Klein, B.},
  year = {2019},
}


%Vishwanathan, S. V. N., {\&} Nicol, N. (2010). Schraudolph, Risi Kondor, and Karsten M. Borgwardt. Graph Kernels. Journal of Machine Learning Research, 11, 1201{\textendash}1242.1532-4435
@article{Vishwanathan:2010,
  ISSN = {1532-4435},
  author = {Vishwanathan, S. V. N. and Nicol, N.},
  journal = {Journal of Machine Learning Research},
  pages = {1201--1242},
  title = {{S}chraudolph, {R}isi {K}ondor, and {K}arsten {M}. {B}orgwardt. {G}raph {K}ernels.},
  volume = {11},
  year = {2010},
}


%G{\"{a}}rtner, T., Flach, P., {\&} Wrobel, S. On Graph Kernels: Hardness Results and Efficient Alternatives. In Learning Theory and Kernel Machines, 129{\textendash}143. 2003.
@misc{Gartner:2003,
  author = {G{\"{a}}rtner, T. and Flach, P. and Wrobel, S.},
  year = {2003},
}


%Tini {\&} Shah. (2018, January). Evaluation of Road Network Topological Pattern in Abuja Municipality, Nigeria. European International Journal of Science and Technology, 7(1), 201.
@article{TiniShah:2018,
  author = {{T}ini {\&} {S}hah},
  journal = {European International Journal of Science and Technology},
  number = {1},
  pages = {201},
  title = {{E}valuation of {R}oad {N}etwork {T}opological {P}attern in {A}buja {M}unicipality, {N}igeria.},
  volume = {7},
  year = {2018},
}

%Torres, L., Su{\'{a}}rez-Serrato, P., {\&} Eliassi-Rad, T. (2019). Non-backtracking cycles: Length spectrum theory and graph mining applications. Applied Network Science, 4, 41. 10.1007/s41109-019-0147-y2364-8228
@article{Torres:2019,
  DOI = {10.1007/s41109-019-0147-y},
  ISSN = {2364-8228},
  author = {Torres, L. and Su{\'{a}}rez-Serrato, P. and Eliassi-Rad, T.},
  journal = {Applied Network Science},
  pages = {41},
  title = {{N}on-backtracking cycles: {L}ength spectrum theory and graph mining applications.},
  volume = {4},
  year = {2019},
}


%Usui, Hiroyuki. (2018) Estimation of geometric route distance from its topological distance: application to narrow road networks in Tokyo. Journal of Geographical Systems, 20. DOI: 10.1007/s10109-018-0276-3Haut de page 10.1007/s10109-018-0276-3
@misc{Usui:2018,
  DOI = {10.1007/s10109-018-0276-3Haut},
  author = {Usui, Hiroyuki},
  year = {2018},
}


%Usui, H., {\&} Asami, Y. (2011). An Evaluation of Road Network Patterns Based on the Criteria for Fire-Fighting. Cybergeo: European Journal of Geography. 10.4000/cybergeo.23825
@misc{Usui:2011,
  DOI = {10.4000/cybergeo.23825},
  author = {Usui, H. and Asami, Y.},
  year = {2011},
}


%van den Heuvel, M. P., Sporns, O., Collin, G., Scheewe, T., Mandl, R. C. W., Cahn, W., Go{\~{n}}i, J., Hulshoff Pol, H. E., {\&} Kahn, R. S. (2013). Abnormal rich club organization and functional brain dynamics in schizophrenia. JAMA Psychiatry, 70(8), 783{\textendash}792. 10.1001/jamapsychiatry.2013.1328237398352168-6238
@article{vandenHeuvel:2013,
  DOI = {10.1001/jamapsychiatry.2013.1328},
  ISSN = {2168-6238},
  author = {van den Heuvel, M. P. and Sporns, O. and Collin, G. and Scheewe, T. and Mandl, R. C. W. and Cahn, W. and Go{\~{n}}i, J. and Hulshoff Pol, H. E. and Kahn, R. S.},
  journal = {JAMA Psychiatry},
  number = {8},
  pages = {783--792},
  pubmed = {23739835},
  title = {{A}bnormal rich club organization and functional brain dynamics in schizophrenia.},
  volume = {70},
  year = {2013},
}


%van Steen, M. (2010). Graph theory and complex networks. An Introduction. Maarten van Steen.
@book{vanSteen:2010,
  author = {van Steen, M.},
  publisher = {Maarten van Steen},
  title = {{G}raph theory and complex networks. {A}n {I}ntroduction},
  year = {2010},
}


%Wallis, W., Shoubridge, P., Kraetz, M., {\&} Ray, D. (2001). Graph distances using graph union. Pattern Recognition Letters, 22, 701{\textendash}704. 10.1016/S0167-8655(01)00022-80167-8655
@article{Wallis:2001,
  DOI = {10.1016/S0167-8655(01)00022-8},
  ISSN = {0167-8655},
  author = {Wallis, W. and Shoubridge, P. and Kraetz, M. and Ray, D.},
  journal = {Pattern Recognition Letters},
  pages = {701--704},
  title = {{G}raph distances using graph union.},
  volume = {22},
  year = {2001},
}


%Wan-Jui Lee, Veronika Cheplygina, David M. J. Tax, Marco Loog, and Robert P. W. Duin. Bridging structure and feature representations in graph matching. IJPRAI, 26(5), 2012. 10.1142/S0218001412600051
@misc{Lee:2012,
  DOI = {10.1142/S0218001412600051},
  author = {Lee, Wan-Jui and Cheplygina, Veronika and Tax, David M. J. and Loog, Marco and Duin, Robert P. W.},
  year = {2012},
}


%Wang, X., You, S., {\&} Wang, L. (2017). Classifying road network patterns using multinomial logit model. Journal of Transport Geography, 58, 104{\textendash}112. 10.1016/j.jtrangeo.2016.11.0130966-6923
@article{Wang:2017,
  DOI = {10.1016/j.jtrangeo.2016.11.013},
  ISSN = {0966-6923},
  author = {Wang, X. and You, S. and Wang, L.},
  journal = {Journal of Transport Geography},
  pages = {104--112},
  title = {{C}lassifying road network patterns using multinomial logit model.},
  volume = {58},
  year = {2017},
}


%Willett, P. (1999). Matching of chemical and biological structures using subgraph and maximal common subgraph isomorphism algorithms. In D. G. Truhlar, W. J. Howe, A. J. Hopfinger, J. Blaney, {\&} R. A. Dammkoehler (Eds.), Rational Drug Design (Vol. 108, pp. 11{\textendash}38). Springer., 10.1007/978-1- 4612-1480-9 3 10.1007/978-1-4612-1480-9{\_}3
@misc{Willett:1999,
  DOI = {10.1007/978-1- 4612-1480-9 3},
  author = {Willett, P.},
  editor = {Truhlar, D. G. and Howe, W. J. and Hopfinger, A. J. and Blaney, J. and Dammkoehler, R. A.},
  pages = {11--38},
  publisher = {Springer},
  title = {{M}atching of chemical and biological structures using subgraph and maximal common subgraph isomorphism algorithms},
  volume = {Vol. 108},
  year = {1999},
}


%Xie, F. The Evolution of Road Networks : A Simulation Study Based on Network Degeneration, Master{\textquotesingle}s thesis, Department of Civil Engineering, University of Minnesota, Minneapolis, MN, 2005
@misc{Xie:2005,
  author = {Xie, F.},
  year = {2005},
}

%Xie, F., {\&} Levinson, D. (2007). Measuring the Structure of Road Networks. Geographical Analysis, 39(3), 336{\textendash}356. 10.1111/j.1538-4632.2007.00707.x0016-7363
@article{Xie:2007,
  DOI = {10.1111/j.1538-4632.2007.00707.x},
  ISSN = {0016-7363},
  author = {Xie, F. and Levinson, D.},
  journal = {Geographical Analysis},
  number = {3},
  pages = {336--356},
  title = {{M}easuring the {S}tructure of {R}oad {N}etworks},
  volume = {39},
  year = {2007},
}


%Xie, F., {\&} Levinson, D. (2009). Topological evolution of surface transportation networks. Computers, Environment and Urban Systems, 33(3), 211{\textendash}223. 10.1016/j.compenvurbsys.2008.09.0090198-9715
@article{Xie:2009,
  DOI = {10.1016/j.compenvurbsys.2008.09.009},
  ISSN = {0198-9715},
  author = {Xie, F. and Levinson, D.},
  journal = {Computers, Environment and Urban Systems},
  number = {3},
  pages = {211--223},
  title = {{T}opological evolution of surface transportation networks.},
  volume = {33},
  year = {2009},
}


%Zhao, F., Sun, H., Wu, J., Gao, Z., {\&} Liu, R. (2016). Analysis of Road Network Pattern Considering Population Distribution and Central Business District. [n. Pag.]. PLoS One, 11, e0151676. 10.1371/journal.pone.0151676269818571932-6203
@article{Zhao:2016,
  DOI = {10.1371/journal.pone.0151676},
  ISSN = {1932-6203},
  author = {Zhao, F. and Sun, H. and Wu, J. and Gao, Z. and Liu, R.},
  journal = {PLoS One},
  pages = {e0151676},
  pubmed = {26981857},
  title = {{A}nalysis of {R}oad {N}etwork {P}attern {C}onsidering {P}opulation {D}istribution and {C}entral {B}usiness {D}istrict.},
  volume = {11},
  year = {2016},
}


%Zhao, G., Zheng, X., Yuan, Z., {\&} Zhang, L. (2017). Spatial and Temporal Characteristics of Road Networks and Urban Expansion. Land (Basel), 6, 30. 10.3390/land60200302073-445X
@article{Zhao:2017,
  DOI = {10.3390/land6020030},
  ISSN = {2073-445X},
  author = {Zhao, G. and Zheng, X. and Yuan, Z. and Zhang, L.},
  journal = {Land (Basel)},
  pages = {30},
  title = {{S}patial and {T}emporal {C}haracteristics of {R}oad {N}etworks and {U}rban {E}xpansion.},
  volume = {6},
  year = {2017},
}


%Zielstra, D., Hochmair, H. H., {\&} Neis, P. (2013). Assessing the effect of data imports on the completeness of OpenStreetMap {\textendash} a United States case study. Transactions in GIS, 17, 315{\textendash}334. 10.1111/tgis.120371361-1682
@article{Zielstra:2013,
  DOI = {10.1111/tgis.12037},
  ISSN = {1361-1682},
  author = {Zielstra, D. and Hochmair, H. H. and Neis, P.},
  journal = {Transactions in GIS},
  pages = {315--334},
  title = {{A}ssessing the effect of data imports on the completeness of {O}pen{S}treet{M}ap {\textendash} a {U}nited {S}tates case study.},
  volume = {17},
  year = {2013},
}

%Masucci, A. P., Smith, D., Crooks, A., {\&} Batty, M. (2009). Random planar graphs and the London street network. The European Physical Journal B, 71(2), 259{\textendash}271. 10.1140/epjb/e2009-00290-41434-6028
@article{Masucci:2009,
  DOI = {10.1140/epjb/e2009-00290-4},
  ISSN = {1434-6028},
  author = {Masucci, A. P. and Smith, D. and Crooks, A. and Batty, M.},
  journal = {The European Physical Journal B},
  number = {2},
  pages = {259--271},
  title = {{R}andom planar graphs and the {L}ondon street network.},
  volume = {71},
  year = {2009},
}

%Strano, E., Viana, M., da Fontoura Costa, L., Cardillo, A., Porta, S., {\&} Latora, V. (2013). Urban street networks, a comparative analysis of ten European cities. Environment and Planning. B, Planning {\&} Design, 40(6), 1071{\textendash}1086. 10.1068/b382160265-8135
@article{Strano:2013,
  DOI = {10.1068/b38216},
  ISSN = {0265-8135},
  author = {Strano, E. and Viana, M. and da Fontoura Costa, L. and Cardillo, A. and Porta, S. and Latora, V.},
  journal = {Environment and Planning. B, Planning {\&}amp; Design},
  number = {6},
  pages = {1071--1086},
  title = {{U}rban street networks, a comparative analysis of ten {E}uropean cities.},
  volume = {40},
  year = {2013},
}


@article{Bavelas:1948,
  ISSN = {0093-2914},
  author = {Bavelas, A.},
  journal = {Applied Anthropology},
  number = {3},
  pages = {16--30},
  title = {{A} mathematical model for group structures.},
  volume = {7},
  year = {1948},
}

%(2018). Evaluation of road network topological pattern in Abuja Municipality, Nigeria NH Tini, ZS Muhammad~- European. International Journal of Sciences.2305-3925
@misc{Tini:2018,
  ISSN = {2305-3925},
  author = {{NH} {T}ini, {ZS} {M}uhammad},
  journal = {International Journal of Sciences},
  title = {{E}valuation of road network topological pattern in {A}buja {M}unicipality, {N}igeria},
  year = {2018},
}

%Levinson, D., {\&} Huang, A. (2012). A Positive Theory of Network Connectivity. Environment and Planning. B, Planning {\&} Design, 39(2), 308{\textendash}325. 10.1068/b370940265-8135
@article{Levinson:2012,
  DOI = {10.1068/b37094},
  ISSN = {0265-8135},
  author = {Levinson, D. and Huang, A.},
  journal = {Environment and Planning. B, Planning {\&}amp; Design},
  number = {2},
  pages = {308--325},
  title = {{A} {P}ositive {T}heory of {N}etwork {C}onnectivity.},
  volume = {39},
  year = {2012},
}
